iso,epoch,sym,symbol,tier,score,vr,volz,creep,buyimb,ret5,nh,qv,price,takerbuy,obimb
2026-06-30T17:40:29.703342+00:00,1782841230.0,HYPER,HYPER/USDT,🔴最上位,2.75,20.378,22.167,0.0143,0.301,0.0382,0.501,163563790.0,0.0788,,
2026-06-30T17:40:29.703342+00:00,1782841230.0,POWR,POWR/USDT,🔴最上位,2.1323,17.442,0.433,0.012,3.02,0.1144,0.19,1089848.0,0.0458,,
2026-06-30T17:40:29.703342+00:00,1782841230.0,ATM,ATM/USDT,🟠上位5%,1.7902,1.355,-0.32,0.0046,3.249,0.1117,0.927,3183360.0,2.363,,
2026-06-30T17:40:29.703342+00:00,1782841230.0,CELO,CELO/USDT,🟠上位5%,1.6361,19.961,9.907,0.0161,0.441,-0.0546,0.036,33269636.0,0.05782,,
2026-06-30T22:53:13.870469+00:00,1782859994.0,GLM,GLM/USDT,🔴最上位,2.2054,11.389,6.528,0.0102,2.739,0.1739,0.394,3208010.0,0.1078,,
2026-07-01T18:20:10.176473+00:00,1782930010.0,CELO,CELO/USDT,🔴最上位,6.116,92.352,40.433,0.0203,5.109,0.1576,0.268,336741394.0,0.06884,,
2026-07-01T22:56:52.731789+00:00,1782946613.0,SLP,SLP/USDT,🟠上位5%,1.3637,4.371,23.742,0.003,1.965,0.1207,0.349,4279244.0,0.000518,,
2026-07-01T22:56:52.731789+00:00,1782946613.0,ALCX,ALCX/USDT,🟠上位5%,1.2992,6.585,11.512,0.0147,1.799,0.1977,0.287,3511312.0,3.16,,
2026-07-02T10:16:13.821976+00:00,1782987374.0,ACT,ACT/USDT,🟠上位5%,1.1868,11.955,-0.308,0.0063,2.53,0.1824,0.209,1898306.0,0.00927,,
2026-07-02T10:16:13.821976+00:00,1782987374.0,ME,ME/USDT,🟠上位5%,1.0929,1.816,6.017,0.0007,1.455,0.1281,0.344,6186022.0,0.06703,,
2026-07-02T17:13:30.464450+00:00,1783012410.0,RAY,RAY/USDT,🟠上位5%,1.0668,1.39,5.574,0.0006,1.481,0.1491,0.739,3948313.0,0.6992,,
2026-07-02T21:49:33.897407+00:00,1783028974.0,CELO,CELO/USDT,🔴最上位,4.1729,75.678,-0.191,0.0191,4.95,-0.0027,0.128,3172022.0,0.06193,,
2026-07-03T09:44:54.066705+00:00,1783071894.0,RPL,RPL/USDT,🟠上位5%,1.4646,4.763,2.221,0.0157,2.059,0.1942,0.367,3240736.0,1.66,,
2026-07-03T09:44:54.066705+00:00,1783071894.0,SLP,SLP/USDT,🟠上位5%,0.9681,7.765,1.661,0.0051,1.773,0.1582,0.379,2292078.0,0.000529,,
2026-07-03T20:42:17.240815+00:00,1783111337.0,BANANA,BANANA/USDT,🟠上位5%,0.8269,2.764,11.903,0.0043,1.123,0.1437,0.611,1864860.0,3.122,,
2026-07-04T07:30:01.529468+00:00,1783150202.0,CELO,CELO/USDT,🔴最上位,3.3434,41.608,-0.235,0.0137,4.997,0.0418,0.223,1142906.0,0.06659,,
2026-07-04T07:30:01.529468+00:00,1783150202.0,DOGS,DOGS/USDT,🔴最上位,1.4026,0.986,4.321,-0.0,1.39,0.1692,0.702,3429539.0,4.589e-05,,
2026-07-04T07:30:01.529468+00:00,1783150202.0,TRB,TRB/USDT,🟠上位5%,0.9325,1.464,0.756,0.0029,1.29,0.1807,0.874,4956207.0,16.14,,
2026-07-04T11:58:23.436903+00:00,1783166303.0,STORJ,STORJ/USDT,🟠上位5%,1.2654,2.327,9.969,0.0041,2.456,0.0783,0.364,3894199.0,0.0785,,
2026-07-04T11:58:23.436903+00:00,1783166303.0,SLP,SLP/USDT,🟠上位5%,0.9597,11.281,0.112,0.006,2.237,0.1779,0.447,2986804.0,0.000543,,
2026-07-05T08:23:31.360471+00:00,1783239811.0,ARPA,ARPA/USDT,🔴最上位,2.8978,15.498,0.098,0.0038,6.899,0.2,0.287,3280712.0,0.00924,,
2026-07-05T12:58:04.187577+00:00,1783256284.0,CHR,CHR/USDT,🟠上位5%,0.9112,4.199,2.087,0.0096,1.202,0.066,0.476,3673609.0,0.01518,,
2026-07-05T16:38:52.728581+00:00,1783269533.0,OGN,OGN/USDT,🟠上位5%,0.9938,9.893,1.861,0.0079,1.672,0.1968,0.315,9612497.0,0.01739,,
2026-07-05T16:38:52.728581+00:00,1783269533.0,SUN,SUN/USDT,🟠上位5%,0.9794,1.378,2.259,0.0031,1.663,0.0981,0.915,2580499.0,0.0178,,
2026-07-06T12:16:15.846782+00:00,1783340176.0,ARPA,ARPA/USDT,🔴最上位,1.6402,17.435,0.394,0.0041,4.012,0.1631,0.28,2499426.0,0.0092,,
2026-07-06T12:16:15.846782+00:00,1783340176.0,YFI,YFI/USDT,🟠上位5%,1.5068,1.308,11.592,0.0027,1.313,0.1887,0.812,1356830.0,2080.0,,
2026-07-06T12:16:15.846782+00:00,1783340176.0,KSM,KSM/USDT,🟠上位5%,1.4849,1.795,12.862,0.0043,1.22,0.1262,0.58,1724550.0,3.48,,
2026-07-06T12:16:15.846782+00:00,1783340176.0,SCRT,SCRT/USDT,🟠上位5%,1.4611,5.112,3.227,0.0085,2.597,0.1267,0.702,2424762.0,0.0569,,
2026-07-07T14:28:15.303470+00:00,1783434495.0,SCRT,SCRT/USDT,🟠上位5%,1.1708,7.66,0.641,0.0095,2.451,0.0498,0.441,1767853.0,0.0528,0.4815,0.5276
2026-07-07T19:16:01.519004+00:00,1783451762.0,BANANA,BANANA/USDT,🔴最上位,2.0836,6.487,18.527,0.0087,2.342,0.1052,0.414,7122253.0,3.244,0.5285,0.6258
2026-07-07T19:16:01.519004+00:00,1783451762.0,ARPA,ARPA/USDT,🟠上位5%,1.19,18.466,-0.071,0.0043,3.161,0.0714,0.169,1090211.0,0.00855,0.502,0.5747
2026-07-07T19:16:01.519004+00:00,1783451762.0,SUN,SUN/USDT,🟠上位5%,0.9786,2.119,4.599,0.0053,1.625,0.1204,0.869,4175134.0,0.0187,0.5051,0.6411
2026-07-07T23:31:07.477672+00:00,1783467067.0,SPELL,SPELL/USDT,🟠上位5%,1.0367,5.252,15.057,0.0026,1.682,0.1949,0.282,10200894.0,0.0001085,0.5058,0.6998
2026-07-08T09:15:27.758525+00:00,1783502128.0,AUCTION,AUCTION/USDT,🔴最上位,1.8527,2.077,9.015,0.0052,1.197,0.0029,0.422,2136623.0,3.42,0.5188,0.7419
2026-07-08T09:15:27.758525+00:00,1783502128.0,YFI,YFI/USDT,🟠上位5%,1.3326,9.935,-0.008,0.0186,1.183,0.1311,0.393,3042876.0,2078.0,0.5005,0.5693
2026-07-08T09:15:27.758525+00:00,1783502128.0,TLM,TLM/USDT,🟠上位5%,1.0316,3.514,-0.387,0.0074,2.239,0.0541,0.52,11731728.0,0.002634,0.5084,0.6564
2026-07-08T16:15:32.834190+00:00,1783527333.0,KAITO,KAITO/USDT,🔴最上位,1.4041,2.392,7.624,0.0049,1.788,0.0253,0.516,18034774.0,0.6375,0.5191,0.4842
2026-07-08T16:15:32.834190+00:00,1783527333.0,KMNO,KMNO/USDT,🟠上位5%,1.3851,1.042,2.188,-0.0005,3.02,0.065,0.892,2696463.0,0.02097,0.4993,0.461
2026-07-08T20:46:30.468023+00:00,1783543590.0,LDO,LDO/USDT,🟠上位5%,0.9985,1.482,6.264,0.0011,1.487,0.1732,0.743,15342480.0,0.3149,0.5038,0.5218
2026-07-09T08:56:02.307746+00:00,1783587362.0,EGLD,EGLD/USDT,🔴最上位,2.3781,2.266,11.602,0.0064,1.596,0.1273,0.895,2093095.0,3.1,0.5244,0.841
2026-07-09T08:56:02.307746+00:00,1783587362.0,ARPA,ARPA/USDT,🟠上位5%,1.0116,1.583,-0.358,0.0037,3.308,-0.1697,0.205,1236736.0,0.00876,0.4905,0.6874
2026-07-09T08:56:02.307746+00:00,1783587362.0,ARB,ARB/USDT,🟠上位5%,0.9355,1.055,3.7,0.0015,1.296,0.0735,0.809,11335826.0,0.0864,0.4898,0.5444
